@online{pygame,
    title = {Documentación oficial de Pygame},
    url = {https://www.pygame.org/docs/},
    note = {Sitio web que proporciona guías y referencias sobre el uso de la biblioteca Pygame. Es esencial para entender cómo crear interfaces gráficas, gestionar eventos y dibujar elementos en la pantalla.}
}

@online{python,
    title = {Python.org - Documentación oficial de Python},
    url = {https://docs.python.org/3/},
    note = {Fuente principal para aprender sobre el lenguaje Python, incluyendo bibliotecas estándar como os y time, usadas en el modo texto del juego.}
}

@online{github,
    title = {Tutorial de GitHub para colaboración en proyectos},
    url = {https://docs.github.com/es/repositories},
    note = {Explicación detallada de cómo usar GitHub para el trabajo en equipo, desde la gestión de repositorios hasta la resolución de conflictos en el código.}
}

@online{asciiart,
    title = {ASCII Art Archive},
    url = {https://www.asciiart.eu/},
    note = {Repositorio en línea con ejemplos de arte ASCII, útil para enriquecer las interfaces en modo texto con diseños visualmente atractivos.}
}

@online{gamedev,
    title = {GameDev.net - Principios básicos de diseño de juegos},
    url = {https://www.gamedev.net/},
    note = {Una guía introductoria para diseñar juegos que abordan desde la lógica del juego hasta la experiencia del usuario, ayudando a desarrollar modos como "normal" y "misery".}
}

@online{tresenraya,
    title = {Wikipedia - Historia del Tres en Raya},
    url = {https://es.wikipedia.org/wiki/Tres_en_raya},
    note = {Información histórica y cultural sobre el juego del tres en raya, útil para contextualizar los modos de juego.}
}

@online{realpython,
    title = {Real Python - Gestión de errores en Python},
    url = {https://realpython.com/python-exceptions/},
    note = {Artículo que explica cómo manejar excepciones en Python, una práctica importante al desarrollar los modos de entrada en consola.}
}

@online{ansiescape,
    title = {ANSI Escape Codes - Wikipedia},
    url = {https://en.wikipedia.org/wiki/ANSI_escape_code},
    note = {Guía sobre cómo usar códigos de escape ANSI para dar formato al texto en la consola, como se describe en la personalización de colores en el documento.}
}

@online{pythonpatterns,
    title = {Python Patterns - Uso de diccionarios en Python},
    url = {https://python-patterns.guide/python/dictionaries/},
    note = {Un artículo sobre cómo usar diccionarios de manera efectiva en Python, útil para gestionar colores o configuraciones.}
}
